@inproceedings{vv8webview-ndss26,
  title = {{[To appear] Cross-Boundary Mobile Tracking: Exploring Java-to-JavaScript Information Diffusion in WebViews}},
  author = {Datta, Sohom and Diamantaris, Michalis and Zafar, Ahsan and Su, Junhua and Das, Anupam and Polakis, Jason and Kapravelos, Alexandros},
  booktitle = {{Proceedings of the Network and Distributed System Security Symposium (NDSS)}},
  month = feb,
  tag = {vv8},
  note = {to appear},
  year = {2026}
}

@inproceedings{vv8diverge-ccs25,
  title = {{[To appear] Same Script, Different Behavior: Characterizing Platform-Specific Divergent JavaScript Execution}},
  author = {Zafar, Ahsan and Su, Junhua and Datta, Sohom and Kapravelos, Alexandros and Das, Anupam},
  booktitle = {{Proceedings of the ACM Conference on Computer and Communications Security (CCS)}},
  month = oct,
  tag = {vv8},
  note = {to appear},
  year = {2025}
}